@inproceedings{fourtassietal2014,
author = {A. Fourtassi and T. Schatz and B. Varadarajan and E. Dupoux},
title = {Exploring the relative role of bottom-up and top-down information in phoneme learning},
booktitle = {Proceedings of the 52nd Annual Meeting of the ACL},
year = {2014},
organization = {Association for Computational Linguistics},
pages = {1--6},
volume = {2}}

@article{martinetalinpress,
author = {A. Martin and S. Peperkamp and E. Dupoux},
title = {Learning phonemens with a proto-lexicon},
journal = {Cognitive Science},
year = {in press}}

@article{feldmanetal2013,
author = {N. Feldman and T. Griffiths and S. Goldwater and J. Morgan},
title = {A role for the developing lexicon in phonetic category acquisition},
journal = {Psychological review},
volume = {120},
number = {4},
pages = {751--778},
year = {2013}}

@inproceedings{jansen&vandurme2011,
author = {A. Jansen and B. {van Durme}},
title = {Efficient spoken term discovery using randomized algorithms},
booktiel = {Proceedings of ASRU},
year = {2011}}

@inproceedings{park&glass2008,
author = {A. Park and J. Glass},
title = {Unsupervised pattern discovery in speech},
booktitle = {Transactions of ASLP},
volume = {16},
number = {1},
pages = {186--197},
year = {2008}}

@misc{buckeye,
author = {Pitt, M.A. and Dilley, L. and Johnson, K. and Kiesling, S. and Raymond, W. and Hume, E. and Fosler-Lussier, E.},
year = {2007},
title = {Buckeye Corpus of Conversational Speech (2nd release)},
howpublished = {www.buckeyecorpus.osu.edu},
publisher = {Columbus, OH: Department of Psychology, Ohio State University (Distributor)},
}


@article{xitsonga2014,
title = {A smartphone-based ASR data collection tool for under-resourced languages},
journal = {Speech Communication},
author = {N.J. de Vries and M.H. Davel and J. Badenhorst and W.D. Basson and F. de Wet and E. Barnard and A. de Waal},
pages = {119--131},
volume = {56},
year = 2014}

@article{synnaeve&dupoux2014,
  author    = {Gabriel Synnaeve and
               Emmanuel Dupoux},
  title     = {Weakly Supervised Multi-Embeddings Learning of Acoustic Models},
  journal   = {CoRR},
  volume    = {abs/1412.6645},
  year      = {2014},
  url       = {http://arxiv.org/abs/1412.6645},
  timestamp = {Thu, 01 Jan 2015 19:51:08 +0100},
  biburl    = {http://dblp.uni-trier.de/rec/bib/journals/corr/SynnaeveD14},
  bibsource = {dblp computer science bibliography, http://dblp.org}
}
